% Start of the references file
@booklet{SUL03,
  author = {Khalil Sultan},
  title = {The Inverted Pendulum, Analysis, Design and Implementation},
  institution = {IEEE Visionaries},
  year = {2003}
}

@booklet{LUN02,
  author = {Kent Lundberg},
  title = {The Inverted Pendulum System},
  year = {2002}
}

@booklet{JER12,
  author = {Filip Jeremic},
  title = {Derivation of Equations of Motion for Inverted Pendulum Problem},
  institution = {McMaster University},
  year = {2012}
}

@article{HAS12,
  author = {Mahadi Hasan and Chanchal Saha and Md. Mostafizur Rahman and Md. Rabiual Islam Sarker and Subrata K. Aditya},
  title = {Balancing of an Inverted Pendulum Using PD Controller},
  publisher = {Dhaka University Journal Science},
  year = {2012}
}

@thesis{CAS12,
  author = {Arnoldo Castro},
  title = {Modeling and Dynamic Analysis of a Two Wheeled Inverted Pendulum},
  institution = {Georgia University of Technology},
  year = {2012},
  type = {Master Thesis}
}

@thesis{HEL15,
  author = {Hanna Hellman and Henrik Sunnerman},
  title = {Two-Wheeled Self-Balancing Robot},
  publisher = {KTH Royal Institute of Technology},
  year = {2015},
  type = {Bachelor Thesis}
}

@booklet{LIB12,
  author = {Kenneth G. Libbrecht and Virginio de Oliveira Sannibale},
  title = {Classical Mechanics - The Inverted Pendulum},
  institution = {Califonia Institute of Technology},
  year = {2012}
}

@online{DEL17,
  author = {David Deley},
  title = {Controlling the Inverted Pendulum: An Example of a Digital Feedback Control System},
  url = {http://daviddeley.com/pendulum/pendulum.htm}
}

@online{ZAC17,
  author = {Luca Zaccarian},
  title = {DC motors: dynamic model and control techniques},
  url = {http://homepages.laas.fr/lzaccari/seminars/DCmotors.pdf}
}

@online{DBE17,
  author = {Dorf and Bishop},
  title = {DC Motor Transfer Functions},
  url = {http://edge.rit.edu/edge/P14453/public/Research/DC%20Motor%20Transfer%20Function%20Example.pdf}
}

@online{ROB17,
  author = {Ryan Lee Robles and Yuri A.W. Shardt},
  title = {Linear Motion Inverted Pendulum - Derivation of the State-Space Model},
  url = {http://jtjt.pl/www/pages/odwrocone-wahadlo/LMIP.pdf}
}

@online{NIT16,
  author = {National Instruments},
  title = {Modeling DC Motor Position},
  year = {2016},
  url = {http://www.ni.com/tutorial/6859/en/}
}

@online{NGU14,
  author = {The-Bao Nguyen},
  title = {SegBot: Modeling},
  year = {2014},
  url = {http://www.arxterra.com/segbot-modeling/}
}

@manual{POL01,
  title = {Pololu Zumo 32U4 Robot's User Guide},
  publisher = {Pololu Corporation},
  year = {2001}
}
